%YAML 1.1
%TAG !u! tag:unity3d.com,2011:
--- !u!29 &1
OcclusionCullingSettings:
  m_ObjectHideFlags: 0
  serializedVersion: 2
  m_OcclusionBakeSettings:
    smallestOccluder: 5
    smallestHole: 0.25
    backfaceThreshold: 100
  m_SceneGUID: 00000000000000000000000000000000
  m_OcclusionCullingData: {fileID: 0}
--- !u!104 &2
RenderSettings:
  m_ObjectHideFlags: 0
  serializedVersion: 8
  m_Fog: 0
  m_FogColor: {r: 0.5, g: 0.5, b: 0.5, a: 1}
  m_FogMode: 3
  m_FogDensity: 0.01
  m_LinearFogStart: 0
  m_LinearFogEnd: 300
  m_AmbientSkyColor: {r: 0.212, g: 0.227, b: 0.259, a: 1}
  m_AmbientEquatorColor: {r: 0.114, g: 0.125, b: 0.133, a: 1}
  m_AmbientGroundColor: {r: 0.047, g: 0.043, b: 0.035, a: 1}
  m_AmbientIntensity: 1
  m_AmbientMode: 0
  m_SubtractiveShadowColor: {r: 0.42, g: 0.478, b: 0.627, a: 1}
  m_SkyboxMaterial: {fileID: 2100000, guid: 931987be26c9646429c56f8a4692bb81, type: 2}
  m_HaloStrength: 0.5
  m_FlareStrength: 1
  m_FlareFadeSpeed: 3
  m_HaloTexture: {fileID: 0}
  m_SpotCookie: {fileID: 10001, guid: 0000000000000000e000000000000000, type: 0}
  m_DefaultReflectionMode: 0
  m_DefaultReflectionResolution: 128
  m_ReflectionBounces: 1
  m_ReflectionIntensity: 1
  m_CustomReflection: {fileID: 0}
  m_Sun: {fileID: 0}
  m_IndirectSpecularColor: {r: 0.10349622, g: 0.130416, b: 0.15083459, a: 1}
--- !u!157 &3
LightmapSettings:
  m_ObjectHideFlags: 0
  serializedVersion: 11
  m_GIWorkflowMode: 0
  m_GISettings:
    serializedVersion: 2
    m_BounceScale: 1
    m_IndirectOutputScale: 1
    m_AlbedoBoost: 1
    m_TemporalCoherenceThreshold: 1
    m_EnvironmentLightingMode: 0
    m_EnableBakedLightmaps: 1
    m_EnableRealtimeLightmaps: 1
  m_LightmapEditorSettings:
    serializedVersion: 9
    m_Resolution: 2
    m_BakeResolution: 40
    m_TextureWidth: 1024
    m_TextureHeight: 1024
    m_AO: 0
    m_AOMaxDistance: 1
    m_CompAOExponent: 1
    m_CompAOExponentDirect: 0
    m_Padding: 2
    m_LightmapParameters: {fileID: 0}
    m_LightmapsBakeMode: 1
    m_TextureCompression: 1
    m_FinalGather: 0
    m_FinalGatherFiltering: 1
    m_FinalGatherRayCount: 256
    m_ReflectionCompression: 2
    m_MixedBakeMode: 2
    m_BakeBackend: 0
    m_PVRSampling: 1
    m_PVRDirectSampleCount: 32
    m_PVRSampleCount: 500
    m_PVRBounces: 2
    m_PVRFilterTypeDirect: 0
    m_PVRFilterTypeIndirect: 0
    m_PVRFilterTypeAO: 0
    m_PVRFilteringMode: 1
    m_PVRCulling: 1
    m_PVRFilteringGaussRadiusDirect: 1
    m_PVRFilteringGaussRadiusIndirect: 5
    m_PVRFilteringGaussRadiusAO: 2
    m_PVRFilteringAtrousPositionSigmaDirect: 0.5
    m_PVRFilteringAtrousPositionSigmaIndirect: 2
    m_PVRFilteringAtrousPositionSigmaAO: 1
    m_ShowResolutionOverlay: 1
  m_LightingDataAsset: {fileID: 0}
  m_UseShadowmask: 1
--- !u!196 &4
NavMeshSettings:
  serializedVersion: 2
  m_ObjectHideFlags: 0
  m_BuildSettings:
    serializedVersion: 2
    agentTypeID: 0
    agentRadius: 0.5
    agentHeight: 2
    agentSlope: 45
    agentClimb: 0.4
    ledgeDropHeight: 0
    maxJumpAcrossDistance: 0
    minRegionArea: 2
    manualCellSize: 0
    cellSize: 0.16666667
    manualTileSize: 0
    tileSize: 256
    accuratePlacement: 0
    debug:
      m_Flags: 0
  m_NavMeshData: {fileID: 0}
--- !u!4 &64671118 stripped
Transform:
  m_PrefabParentObject: {fileID: 4514958442840600, guid: 30f8a401bc5ff7d44b8d9f61f95dff4f,
    type: 2}
  m_PrefabInternal: {fileID: 1363292701}
--- !u!4 &117464275 stripped
Transform:
  m_PrefabParentObject: {fileID: 4242286616781516, guid: bf36881716a055f46a621da359f306c5,
    type: 2}
  m_PrefabInternal: {fileID: 2103778574}
--- !u!1001 &158704316
Prefab:
  m_ObjectHideFlags: 0
  serializedVersion: 2
  m_Modification:
    m_TransformParent: {fileID: 0}
    m_Modifications:
    - target: {fileID: 4203227980644004, guid: 9225e6192475e2e4aaa5cae2ed7f05bc, type: 2}
      propertyPath: m_LocalPosition.x
      value: 0.376
      objectReference: {fileID: 0}
    - target: {fileID: 4203227980644004, guid: 9225e6192475e2e4aaa5cae2ed7f05bc, type: 2}
      propertyPath: m_LocalPosition.y
      value: 2.152
      objectReference: {fileID: 0}
    - target: {fileID: 4203227980644004, guid: 9225e6192475e2e4aaa5cae2ed7f05bc, type: 2}
      propertyPath: m_LocalPosition.z
      value: 3.028
      objectReference: {fileID: 0}
    - target: {fileID: 4203227980644004, guid: 9225e6192475e2e4aaa5cae2ed7f05bc, type: 2}
      propertyPath: m_LocalRotation.x
      value: 0.981675
      objectReference: {fileID: 0}
    - target: {fileID: 4203227980644004, guid: 9225e6192475e2e4aaa5cae2ed7f05bc, type: 2}
      propertyPath: m_LocalRotation.y
      value: -0.09324752
      objectReference: {fileID: 0}
    - target: {fileID: 4203227980644004, guid: 9225e6192475e2e4aaa5cae2ed7f05bc, type: 2}
      propertyPath: m_LocalRotation.z
      value: 0.096897274
      objectReference: {fileID: 0}
    - target: {fileID: 4203227980644004, guid: 9225e6192475e2e4aaa5cae2ed7f05bc, type: 2}
      propertyPath: m_LocalRotation.w
      value: 0.13501842
      objectReference: {fileID: 0}
    - target: {fileID: 4203227980644004, guid: 9225e6192475e2e4aaa5cae2ed7f05bc, type: 2}
      propertyPath: m_RootOrder
      value: 4
      objectReference: {fileID: 0}
    - target: {fileID: 114222625217162602, guid: 9225e6192475e2e4aaa5cae2ed7f05bc,
        type: 2}
      propertyPath: playerLightPos
      value: 
      objectReference: {fileID: 64671118}
    - target: {fileID: 114222625217162602, guid: 9225e6192475e2e4aaa5cae2ed7f05bc,
        type: 2}
      propertyPath: doorLightPos
      value: 
      objectReference: {fileID: 117464275}
    - target: {fileID: 114222625217162602, guid: 9225e6192475e2e4aaa5cae2ed7f05bc,
        type: 2}
      propertyPath: doorKnob
      value: 
      objectReference: {fileID: 972734397}
    - target: {fileID: 114222625217162602, guid: 9225e6192475e2e4aaa5cae2ed7f05bc,
        type: 2}
      propertyPath: player
      value: 
      objectReference: {fileID: 1363292702}
    - target: {fileID: 1438169117754424, guid: 9225e6192475e2e4aaa5cae2ed7f05bc, type: 2}
      propertyPath: m_IsActive
      value: 0
      objectReference: {fileID: 0}
    m_RemovedComponents: []
  m_ParentPrefab: {fileID: 100100000, guid: 9225e6192475e2e4aaa5cae2ed7f05bc, type: 2}
  m_IsPrefabParent: 0
--- !u!1 &158704317 stripped
GameObject:
  m_PrefabParentObject: {fileID: 1438169117754424, guid: 9225e6192475e2e4aaa5cae2ed7f05bc,
    type: 2}
  m_PrefabInternal: {fileID: 158704316}
--- !u!114 &348797951 stripped
MonoBehaviour:
  m_PrefabParentObject: {fileID: 114222625217162602, guid: 9225e6192475e2e4aaa5cae2ed7f05bc,
    type: 2}
  m_PrefabInternal: {fileID: 158704316}
  m_Script: {fileID: 11500000, guid: 71a5ec6a5e63d344c9d696594e912a76, type: 3}
--- !u!1 &745161002
GameObject:
  m_ObjectHideFlags: 0
  m_PrefabParentObject: {fileID: 0}
  m_PrefabInternal: {fileID: 0}
  serializedVersion: 5
  m_Component:
  - component: {fileID: 745161003}
  - component: {fileID: 745161006}
  - component: {fileID: 745161005}
  - component: {fileID: 745161004}
  m_Layer: 0
  m_Name: Plane
  m_TagString: Untagged
  m_Icon: {fileID: 0}
  m_NavMeshLayer: 0
  m_StaticEditorFlags: 0
  m_IsActive: 1
--- !u!4 &745161003
Transform:
  m_ObjectHideFlags: 0
  m_PrefabParentObject: {fileID: 0}
  m_PrefabInternal: {fileID: 0}
  m_GameObject: {fileID: 745161002}
  m_LocalRotation: {x: -0, y: -0, z: -0, w: 1}
  m_LocalPosition: {x: -0.27099228, y: -0.048590183, z: 0.14323859}
  m_LocalScale: {x: 1, y: 1, z: 1}
  m_Children: []
  m_Father: {fileID: 1127279564}
  m_RootOrder: 0
  m_LocalEulerAnglesHint: {x: 0, y: 0, z: 0}
--- !u!23 &745161004
MeshRenderer:
  m_ObjectHideFlags: 0
  m_PrefabParentObject: {fileID: 0}
  m_PrefabInternal: {fileID: 0}
  m_GameObject: {fileID: 745161002}
  m_Enabled: 1
  m_CastShadows: 0
  m_ReceiveShadows: 1
  m_DynamicOccludee: 1
  m_MotionVectors: 1
  m_LightProbeUsage: 1
  m_ReflectionProbeUsage: 1
  m_Materials:
  - {fileID: 2100000, guid: d9fcdd3039156a240a3e77f4e5165c47, type: 2}
  m_StaticBatchInfo:
    firstSubMesh: 0
    subMeshCount: 0
  m_StaticBatchRoot: {fileID: 0}
  m_ProbeAnchor: {fileID: 0}
  m_LightProbeVolumeOverride: {fileID: 0}
  m_ScaleInLightmap: 1
  m_PreserveUVs: 1
  m_IgnoreNormalsForChartDetection: 0
  m_ImportantGI: 0
  m_StitchLightmapSeams: 0
  m_SelectedEditorRenderState: 3
  m_MinimumChartSize: 4
  m_AutoUVMaxDistance: 0.5
  m_AutoUVMaxAngle: 89
  m_LightmapParameters: {fileID: 0}
  m_SortingLayerID: 0
  m_SortingLayer: 0
  m_SortingOrder: 0
--- !u!64 &745161005
MeshCollider:
  m_ObjectHideFlags: 0
  m_PrefabParentObject: {fileID: 0}
  m_PrefabInternal: {fileID: 0}
  m_GameObject: {fileID: 745161002}
  m_Material: {fileID: 0}
  m_IsTrigger: 0
  m_Enabled: 1
  serializedVersion: 3
  m_Convex: 0
  m_CookingOptions: 14
  m_SkinWidth: 0.01
  m_Mesh: {fileID: 10209, guid: 0000000000000000e000000000000000, type: 0}
--- !u!33 &745161006
MeshFilter:
  m_ObjectHideFlags: 0
  m_PrefabParentObject: {fileID: 0}
  m_PrefabInternal: {fileID: 0}
  m_GameObject: {fileID: 745161002}
  m_Mesh: {fileID: 10209, guid: 0000000000000000e000000000000000, type: 0}
--- !u!114 &821570348 stripped
MonoBehaviour:
  m_PrefabParentObject: {fileID: 114953759797388538, guid: ff1958f16aeb4fe49801d94fb3757d92,
    type: 2}
  m_PrefabInternal: {fileID: 1703641665}
  m_Script: {fileID: 11500000, guid: afe0e91d705037c4790d753b1fa962b1, type: 3}
--- !u!1 &959477892
GameObject:
  m_ObjectHideFlags: 0
  m_PrefabParentObject: {fileID: 0}
  m_PrefabInternal: {fileID: 0}
  serializedVersion: 5
  m_Component:
  - component: {fileID: 959477893}
  - component: {fileID: 959477896}
  - component: {fileID: 959477895}
  - component: {fileID: 959477894}
  m_Layer: 0
  m_Name: Plane (1)
  m_TagString: Untagged
  m_Icon: {fileID: 0}
  m_NavMeshLayer: 0
  m_StaticEditorFlags: 0
  m_IsActive: 1
--- !u!4 &959477893
Transform:
  m_ObjectHideFlags: 0
  m_PrefabParentObject: {fileID: 0}
  m_PrefabInternal: {fileID: 0}
  m_GameObject: {fileID: 959477892}
  m_LocalRotation: {x: -0, y: -0, z: -0, w: 1}
  m_LocalPosition: {x: -0.27099228, y: -0.09859018, z: 0.14323859}
  m_LocalScale: {x: 1, y: 1, z: 1}
  m_Children: []
  m_Father: {fileID: 1127279564}
  m_RootOrder: 1
  m_LocalEulerAnglesHint: {x: 0, y: 0, z: 0}
--- !u!23 &959477894
MeshRenderer:
  m_ObjectHideFlags: 0
  m_PrefabParentObject: {fileID: 0}
  m_PrefabInternal: {fileID: 0}
  m_GameObject: {fileID: 959477892}
  m_Enabled: 1
  m_CastShadows: 0
  m_ReceiveShadows: 1
  m_DynamicOccludee: 1
  m_MotionVectors: 1
  m_LightProbeUsage: 1
  m_ReflectionProbeUsage: 1
  m_Materials:
  - {fileID: 2100000, guid: eeab939afb87cd246b535ea52a8f3fff, type: 2}
  m_StaticBatchInfo:
    firstSubMesh: 0
    subMeshCount: 0
  m_StaticBatchRoot: {fileID: 0}
  m_ProbeAnchor: {fileID: 0}
  m_LightProbeVolumeOverride: {fileID: 0}
  m_ScaleInLightmap: 1
  m_PreserveUVs: 1
  m_IgnoreNormalsForChartDetection: 0
  m_ImportantGI: 0
  m_StitchLightmapSeams: 0
  m_SelectedEditorRenderState: 3
  m_MinimumChartSize: 4
  m_AutoUVMaxDistance: 0.5
  m_AutoUVMaxAngle: 89
  m_LightmapParameters: {fileID: 0}
  m_SortingLayerID: 0
  m_SortingLayer: 0
  m_SortingOrder: 0
--- !u!64 &959477895
MeshCollider:
  m_ObjectHideFlags: 0
  m_PrefabParentObject: {fileID: 0}
  m_PrefabInternal: {fileID: 0}
  m_GameObject: {fileID: 959477892}
  m_Material: {fileID: 0}
  m_IsTrigger: 0
  m_Enabled: 1
  serializedVersion: 3
  m_Convex: 0
  m_CookingOptions: 14
  m_SkinWidth: 0.01
  m_Mesh: {fileID: 10209, guid: 0000000000000000e000000000000000, type: 0}
--- !u!33 &959477896
MeshFilter:
  m_ObjectHideFlags: 0
  m_PrefabParentObject: {fileID: 0}
  m_PrefabInternal: {fileID: 0}
  m_GameObject: {fileID: 959477892}
  m_Mesh: {fileID: 10209, guid: 0000000000000000e000000000000000, type: 0}
--- !u!4 &972734397 stripped
Transform:
  m_PrefabParentObject: {fileID: 4576394130353532, guid: bf36881716a055f46a621da359f306c5,
    type: 2}
  m_PrefabInternal: {fileID: 2103778574}
--- !u!1 &1127279563
GameObject:
  m_ObjectHideFlags: 0
  m_PrefabParentObject: {fileID: 0}
  m_PrefabInternal: {fileID: 0}
  serializedVersion: 5
  m_Component:
  - component: {fileID: 1127279564}
  m_Layer: 0
  m_Name: Ground
  m_TagString: Untagged
  m_Icon: {fileID: 0}
  m_NavMeshLayer: 0
  m_StaticEditorFlags: 0
  m_IsActive: 1
--- !u!4 &1127279564
Transform:
  m_ObjectHideFlags: 0
  m_PrefabParentObject: {fileID: 0}
  m_PrefabInternal: {fileID: 0}
  m_GameObject: {fileID: 1127279563}
  m_LocalRotation: {x: 0, y: 0, z: 0, w: 1}
  m_LocalPosition: {x: 0, y: 0, z: 0}
  m_LocalScale: {x: 1, y: 1, z: 1}
  m_Children:
  - {fileID: 745161003}
  - {fileID: 959477893}
  m_Father: {fileID: 0}
  m_RootOrder: 2
  m_LocalEulerAnglesHint: {x: 0, y: 0, z: 0}
--- !u!114 &1276402771 stripped
MonoBehaviour:
  m_PrefabParentObject: {fileID: 114268345662626802, guid: bf36881716a055f46a621da359f306c5,
    type: 2}
  m_PrefabInternal: {fileID: 2103778574}
  m_Script: {fileID: 11500000, guid: 6b994cde224b334439a4945077bdac5e, type: 3}
--- !u!198 &1352246235 stripped
ParticleSystem:
  m_PrefabParentObject: {fileID: 198498750345952880, guid: 30f8a401bc5ff7d44b8d9f61f95dff4f,
    type: 2}
  m_PrefabInternal: {fileID: 1363292701}
--- !u!1001 &1363292701
Prefab:
  m_ObjectHideFlags: 0
  serializedVersion: 2
  m_Modification:
    m_TransformParent: {fileID: 0}
    m_Modifications:
    - target: {fileID: 4845256305600188, guid: 30f8a401bc5ff7d44b8d9f61f95dff4f, type: 2}
      propertyPath: m_LocalPosition.x
      value: -0.268
      objectReference: {fileID: 0}
    - target: {fileID: 4845256305600188, guid: 30f8a401bc5ff7d44b8d9f61f95dff4f, type: 2}
      propertyPath: m_LocalPosition.y
      value: -0.042
      objectReference: {fileID: 0}
    - target: {fileID: 4845256305600188, guid: 30f8a401bc5ff7d44b8d9f61f95dff4f, type: 2}
      propertyPath: m_LocalPosition.z
      value: 1.59
      objectReference: {fileID: 0}
    - target: {fileID: 4845256305600188, guid: 30f8a401bc5ff7d44b8d9f61f95dff4f, type: 2}
      propertyPath: m_LocalRotation.x
      value: 0
      objectReference: {fileID: 0}
    - target: {fileID: 4845256305600188, guid: 30f8a401bc5ff7d44b8d9f61f95dff4f, type: 2}
      propertyPath: m_LocalRotation.y
      value: 0
      objectReference: {fileID: 0}
    - target: {fileID: 4845256305600188, guid: 30f8a401bc5ff7d44b8d9f61f95dff4f, type: 2}
      propertyPath: m_LocalRotation.z
      value: 0
      objectReference: {fileID: 0}
    - target: {fileID: 4845256305600188, guid: 30f8a401bc5ff7d44b8d9f61f95dff4f, type: 2}
      propertyPath: m_LocalRotation.w
      value: 1
      objectReference: {fileID: 0}
    - target: {fileID: 4845256305600188, guid: 30f8a401bc5ff7d44b8d9f61f95dff4f, type: 2}
      propertyPath: m_RootOrder
      value: 0
      objectReference: {fileID: 0}
    m_RemovedComponents: []
  m_ParentPrefab: {fileID: 100100000, guid: 30f8a401bc5ff7d44b8d9f61f95dff4f, type: 2}
  m_IsPrefabParent: 0
--- !u!4 &1363292702 stripped
Transform:
  m_PrefabParentObject: {fileID: 4845256305600188, guid: 30f8a401bc5ff7d44b8d9f61f95dff4f,
    type: 2}
  m_PrefabInternal: {fileID: 1363292701}
--- !u!114 &1363292703 stripped
MonoBehaviour:
  m_PrefabParentObject: {fileID: 114844731130002658, guid: 30f8a401bc5ff7d44b8d9f61f95dff4f,
    type: 2}
  m_PrefabInternal: {fileID: 1363292701}
  m_Script: {fileID: 11500000, guid: 29e3e4511966ba94d8ba0b98c6c62f82, type: 3}
--- !u!114 &1363292704 stripped
MonoBehaviour:
  m_PrefabParentObject: {fileID: 114900142208026524, guid: 30f8a401bc5ff7d44b8d9f61f95dff4f,
    type: 2}
  m_PrefabInternal: {fileID: 1363292701}
  m_Script: {fileID: 11500000, guid: 29e3e4511966ba94d8ba0b98c6c62f82, type: 3}
--- !u!1 &1363292705 stripped
GameObject:
  m_PrefabParentObject: {fileID: 1746061738117064, guid: 30f8a401bc5ff7d44b8d9f61f95dff4f,
    type: 2}
  m_PrefabInternal: {fileID: 1363292701}
--- !u!198 &1471077108 stripped
ParticleSystem:
  m_PrefabParentObject: {fileID: 198038855886614610, guid: 30f8a401bc5ff7d44b8d9f61f95dff4f,
    type: 2}
  m_PrefabInternal: {fileID: 1363292701}
--- !u!1001 &1474883431
Prefab:
  m_ObjectHideFlags: 0
  serializedVersion: 2
  m_Modification:
    m_TransformParent: {fileID: 0}
    m_Modifications:
    - target: {fileID: 224883817218450166, guid: 9aa915346684f0b49a1ed9ac3867ce84,
        type: 2}
      propertyPath: m_LocalPosition.x
      value: 0
      objectReference: {fileID: 0}
    - target: {fileID: 224883817218450166, guid: 9aa915346684f0b49a1ed9ac3867ce84,
        type: 2}
      propertyPath: m_LocalPosition.y
      value: 0
      objectReference: {fileID: 0}
    - target: {fileID: 224883817218450166, guid: 9aa915346684f0b49a1ed9ac3867ce84,
        type: 2}
      propertyPath: m_LocalPosition.z
      value: 0
      objectReference: {fileID: 0}
    - target: {fileID: 224883817218450166, guid: 9aa915346684f0b49a1ed9ac3867ce84,
        type: 2}
      propertyPath: m_LocalRotation.x
      value: 0
      objectReference: {fileID: 0}
    - target: {fileID: 224883817218450166, guid: 9aa915346684f0b49a1ed9ac3867ce84,
        type: 2}
      propertyPath: m_LocalRotation.y
      value: 0
      objectReference: {fileID: 0}
    - target: {fileID: 224883817218450166, guid: 9aa915346684f0b49a1ed9ac3867ce84,
        type: 2}
      propertyPath: m_LocalRotation.z
      value: 0
      objectReference: {fileID: 0}
    - target: {fileID: 224883817218450166, guid: 9aa915346684f0b49a1ed9ac3867ce84,
        type: 2}
      propertyPath: m_LocalRotation.w
      value: 1
      objectReference: {fileID: 0}
    - target: {fileID: 224883817218450166, guid: 9aa915346684f0b49a1ed9ac3867ce84,
        type: 2}
      propertyPath: m_RootOrder
      value: 7
      objectReference: {fileID: 0}
    - target: {fileID: 224883817218450166, guid: 9aa915346684f0b49a1ed9ac3867ce84,
        type: 2}
      propertyPath: m_AnchoredPosition.x
      value: 0
      objectReference: {fileID: 0}
    - target: {fileID: 224883817218450166, guid: 9aa915346684f0b49a1ed9ac3867ce84,
        type: 2}
      propertyPath: m_AnchoredPosition.y
      value: 0
      objectReference: {fileID: 0}
    - target: {fileID: 224883817218450166, guid: 9aa915346684f0b49a1ed9ac3867ce84,
        type: 2}
      propertyPath: m_SizeDelta.x
      value: 0
      objectReference: {fileID: 0}
    - target: {fileID: 224883817218450166, guid: 9aa915346684f0b49a1ed9ac3867ce84,
        type: 2}
      propertyPath: m_SizeDelta.y
      value: 0
      objectReference: {fileID: 0}
    - target: {fileID: 224883817218450166, guid: 9aa915346684f0b49a1ed9ac3867ce84,
        type: 2}
      propertyPath: m_AnchorMin.x
      value: 0
      objectReference: {fileID: 0}
    - target: {fileID: 224883817218450166, guid: 9aa915346684f0b49a1ed9ac3867ce84,
        type: 2}
      propertyPath: m_AnchorMin.y
      value: 0
      objectReference: {fileID: 0}
    - target: {fileID: 224883817218450166, guid: 9aa915346684f0b49a1ed9ac3867ce84,
        type: 2}
      propertyPath: m_AnchorMax.x
      value: 0
      objectReference: {fileID: 0}
    - target: {fileID: 224883817218450166, guid: 9aa915346684f0b49a1ed9ac3867ce84,
        type: 2}
      propertyPath: m_AnchorMax.y
      value: 0
      objectReference: {fileID: 0}
    - target: {fileID: 224883817218450166, guid: 9aa915346684f0b49a1ed9ac3867ce84,
        type: 2}
      propertyPath: m_Pivot.x
      value: 0
      objectReference: {fileID: 0}
    - target: {fileID: 224883817218450166, guid: 9aa915346684f0b49a1ed9ac3867ce84,
        type: 2}
      propertyPath: m_Pivot.y
      value: 0
      objectReference: {fileID: 0}
    - target: {fileID: 223988857656358230, guid: 9aa915346684f0b49a1ed9ac3867ce84,
        type: 2}
      propertyPath: m_Camera
      value: 
      objectReference: {fileID: 1531033874}
    - target: {fileID: 1537122761078590, guid: 9aa915346684f0b49a1ed9ac3867ce84, type: 2}
      propertyPath: m_IsActive
      value: 1
      objectReference: {fileID: 0}
    m_RemovedComponents: []
  m_ParentPrefab: {fileID: 100100000, guid: 9aa915346684f0b49a1ed9ac3867ce84, type: 2}
  m_IsPrefabParent: 0
--- !u!20 &1531033874 stripped
Camera:
  m_PrefabParentObject: {fileID: 20350908462332040, guid: 30f8a401bc5ff7d44b8d9f61f95dff4f,
    type: 2}
  m_PrefabInternal: {fileID: 1363292701}
--- !u!1001 &1644461315
Prefab:
  m_ObjectHideFlags: 0
  serializedVersion: 2
  m_Modification:
    m_TransformParent: {fileID: 0}
    m_Modifications:
    - target: {fileID: 4222503357849704, guid: 9edaf647eb8111146a85af9330bd5f69, type: 2}
      propertyPath: m_LocalPosition.x
      value: -0.16799998
      objectReference: {fileID: 0}
    - target: {fileID: 4222503357849704, guid: 9edaf647eb8111146a85af9330bd5f69, type: 2}
      propertyPath: m_LocalPosition.y
      value: 1.856
      objectReference: {fileID: 0}
    - target: {fileID: 4222503357849704, guid: 9edaf647eb8111146a85af9330bd5f69, type: 2}
      propertyPath: m_LocalPosition.z
      value: -1.691
      objectReference: {fileID: 0}
    - target: {fileID: 4222503357849704, guid: 9edaf647eb8111146a85af9330bd5f69, type: 2}
      propertyPath: m_LocalRotation.x
      value: 0
      objectReference: {fileID: 0}
    - target: {fileID: 4222503357849704, guid: 9edaf647eb8111146a85af9330bd5f69, type: 2}
      propertyPath: m_LocalRotation.y
      value: 0
      objectReference: {fileID: 0}
    - target: {fileID: 4222503357849704, guid: 9edaf647eb8111146a85af9330bd5f69, type: 2}
      propertyPath: m_LocalRotation.z
      value: 0
      objectReference: {fileID: 0}
    - target: {fileID: 4222503357849704, guid: 9edaf647eb8111146a85af9330bd5f69, type: 2}
      propertyPath: m_LocalRotation.w
      value: 1
      objectReference: {fileID: 0}
    - target: {fileID: 4222503357849704, guid: 9edaf647eb8111146a85af9330bd5f69, type: 2}
      propertyPath: m_RootOrder
      value: 8
      objectReference: {fileID: 0}
    - target: {fileID: 114809320101442116, guid: 9edaf647eb8111146a85af9330bd5f69,
        type: 2}
      propertyPath: doorKnob
      value: 
      objectReference: {fileID: 1276402771}
    - target: {fileID: 114809320101442116, guid: 9edaf647eb8111146a85af9330bd5f69,
        type: 2}
      propertyPath: handPower.Array.data[0]
      value: 
      objectReference: {fileID: 1352246235}
    - target: {fileID: 114809320101442116, guid: 9edaf647eb8111146a85af9330bd5f69,
        type: 2}
      propertyPath: handPower.Array.data[1]
      value: 
      objectReference: {fileID: 1471077108}
    - target: {fileID: 4222503357849704, guid: 9edaf647eb8111146a85af9330bd5f69, type: 2}
      propertyPath: m_LocalScale.x
      value: 1
      objectReference: {fileID: 0}
    - target: {fileID: 4222503357849704, guid: 9edaf647eb8111146a85af9330bd5f69, type: 2}
      propertyPath: m_LocalScale.y
      value: 1
      objectReference: {fileID: 0}
    - target: {fileID: 4222503357849704, guid: 9edaf647eb8111146a85af9330bd5f69, type: 2}
      propertyPath: m_LocalScale.z
      value: 1
      objectReference: {fileID: 0}
    - target: {fileID: 114809320101442116, guid: 9edaf647eb8111146a85af9330bd5f69,
        type: 2}
      propertyPath: guidingLight
      value: 
      objectReference: {fileID: 158704317}
    m_RemovedComponents: []
  m_ParentPrefab: {fileID: 100100000, guid: 9edaf647eb8111146a85af9330bd5f69, type: 2}
  m_IsPrefabParent: 0
--- !u!1 &1662905262
GameObject:
  m_ObjectHideFlags: 0
  m_PrefabParentObject: {fileID: 0}
  m_PrefabInternal: {fileID: 0}
  serializedVersion: 5
  m_Component:
  - component: {fileID: 1662905264}
  - component: {fileID: 1662905263}
  m_Layer: 0
  m_Name: Point light
  m_TagString: Untagged
  m_Icon: {fileID: 0}
  m_NavMeshLayer: 0
  m_StaticEditorFlags: 0
  m_IsActive: 1
--- !u!108 &1662905263
Light:
  m_ObjectHideFlags: 0
  m_PrefabParentObject: {fileID: 0}
  m_PrefabInternal: {fileID: 0}
  m_GameObject: {fileID: 1662905262}
  m_Enabled: 1
  serializedVersion: 8
  m_Type: 2
  m_Color: {r: 0.14273354, g: 0.20179573, b: 0.4852941, a: 1}
  m_Intensity: 3.15
  m_Range: 66.43
  m_SpotAngle: 30
  m_CookieSize: 10
  m_Shadows:
    m_Type: 0
    m_Resolution: -1
    m_CustomResolution: -1
    m_Strength: 1
    m_Bias: 0.05
    m_NormalBias: 0.4
    m_NearPlane: 0.2
  m_Cookie: {fileID: 0}
  m_DrawHalo: 0
  m_Flare: {fileID: 0}
  m_RenderMode: 0
  m_CullingMask:
    serializedVersion: 2
    m_Bits: 4294967295
  m_Lightmapping: 4
  m_AreaSize: {x: 1, y: 1}
  m_BounceIntensity: 1
  m_ColorTemperature: 6570
  m_UseColorTemperature: 0
  m_ShadowRadius: 0
  m_ShadowAngle: 0
--- !u!4 &1662905264
Transform:
  m_ObjectHideFlags: 0
  m_PrefabParentObject: {fileID: 0}
  m_PrefabInternal: {fileID: 0}
  m_GameObject: {fileID: 1662905262}
  m_LocalRotation: {x: 0, y: 0, z: 0, w: 1}
  m_LocalPosition: {x: -0.21, y: 5.446, z: 2.019}
  m_LocalScale: {x: 1, y: 1, z: 1}
  m_Children: []
  m_Father: {fileID: 0}
  m_RootOrder: 3
  m_LocalEulerAnglesHint: {x: 0, y: 0, z: 0}
--- !u!1001 &1703641665
Prefab:
  m_ObjectHideFlags: 0
  serializedVersion: 2
  m_Modification:
    m_TransformParent: {fileID: 0}
    m_Modifications:
    - target: {fileID: 4600324812628080, guid: ff1958f16aeb4fe49801d94fb3757d92, type: 2}
      propertyPath: m_LocalPosition.x
      value: -0.18
      objectReference: {fileID: 0}
    - target: {fileID: 4600324812628080, guid: ff1958f16aeb4fe49801d94fb3757d92, type: 2}
      propertyPath: m_LocalPosition.y
      value: 2.17
      objectReference: {fileID: 0}
    - target: {fileID: 4600324812628080, guid: ff1958f16aeb4fe49801d94fb3757d92, type: 2}
      propertyPath: m_LocalPosition.z
      value: 5.63
      objectReference: {fileID: 0}
    - target: {fileID: 4600324812628080, guid: ff1958f16aeb4fe49801d94fb3757d92, type: 2}
      propertyPath: m_LocalRotation.x
      value: 0
      objectReference: {fileID: 0}
    - target: {fileID: 4600324812628080, guid: ff1958f16aeb4fe49801d94fb3757d92, type: 2}
      propertyPath: m_LocalRotation.y
      value: 0
      objectReference: {fileID: 0}
    - target: {fileID: 4600324812628080, guid: ff1958f16aeb4fe49801d94fb3757d92, type: 2}
      propertyPath: m_LocalRotation.z
      value: 0
      objectReference: {fileID: 0}
    - target: {fileID: 4600324812628080, guid: ff1958f16aeb4fe49801d94fb3757d92, type: 2}
      propertyPath: m_LocalRotation.w
      value: 1
      objectReference: {fileID: 0}
    - target: {fileID: 4600324812628080, guid: ff1958f16aeb4fe49801d94fb3757d92, type: 2}
      propertyPath: m_RootOrder
      value: 5
      objectReference: {fileID: 0}
    - target: {fileID: 114953759797388538, guid: ff1958f16aeb4fe49801d94fb3757d92,
        type: 2}
      propertyPath: guidingLight
      value: 
      objectReference: {fileID: 348797951}
    - target: {fileID: 114953759797388538, guid: ff1958f16aeb4fe49801d94fb3757d92,
        type: 2}
      propertyPath: fade
      value: 
      objectReference: {fileID: 1894888198}
    m_RemovedComponents: []
  m_ParentPrefab: {fileID: 100100000, guid: ff1958f16aeb4fe49801d94fb3757d92, type: 2}
  m_IsPrefabParent: 0
--- !u!1001 &1773262836
Prefab:
  m_ObjectHideFlags: 0
  serializedVersion: 2
  m_Modification:
    m_TransformParent: {fileID: 0}
    m_Modifications:
    - target: {fileID: 4664971077699988, guid: 6382a80936d335d4a9bd082de3caffc8, type: 2}
      propertyPath: m_LocalPosition.x
      value: 0
      objectReference: {fileID: 0}
    - target: {fileID: 4664971077699988, guid: 6382a80936d335d4a9bd082de3caffc8, type: 2}
      propertyPath: m_LocalPosition.y
      value: 0
      objectReference: {fileID: 0}
    - target: {fileID: 4664971077699988, guid: 6382a80936d335d4a9bd082de3caffc8, type: 2}
      propertyPath: m_LocalPosition.z
      value: 0
      objectReference: {fileID: 0}
    - target: {fileID: 4664971077699988, guid: 6382a80936d335d4a9bd082de3caffc8, type: 2}
      propertyPath: m_LocalRotation.x
      value: 0
      objectReference: {fileID: 0}
    - target: {fileID: 4664971077699988, guid: 6382a80936d335d4a9bd082de3caffc8, type: 2}
      propertyPath: m_LocalRotation.y
      value: 0
      objectReference: {fileID: 0}
    - target: {fileID: 4664971077699988, guid: 6382a80936d335d4a9bd082de3caffc8, type: 2}
      propertyPath: m_LocalRotation.z
      value: 0
      objectReference: {fileID: 0}
    - target: {fileID: 4664971077699988, guid: 6382a80936d335d4a9bd082de3caffc8, type: 2}
      propertyPath: m_LocalRotation.w
      value: 1
      objectReference: {fileID: 0}
    - target: {fileID: 4664971077699988, guid: 6382a80936d335d4a9bd082de3caffc8, type: 2}
      propertyPath: m_RootOrder
      value: 6
      objectReference: {fileID: 0}
    - target: {fileID: 114681309876956452, guid: 6382a80936d335d4a9bd082de3caffc8,
        type: 2}
      propertyPath: hands.Array.data[0]
      value: 
      objectReference: {fileID: 1363292704}
    - target: {fileID: 114681309876956452, guid: 6382a80936d335d4a9bd082de3caffc8,
        type: 2}
      propertyPath: hands.Array.data[1]
      value: 
      objectReference: {fileID: 1363292703}
    - target: {fileID: 114681309876956452, guid: 6382a80936d335d4a9bd082de3caffc8,
        type: 2}
      propertyPath: level
      value: 
      objectReference: {fileID: 821570348}
    - target: {fileID: 114681309876956452, guid: 6382a80936d335d4a9bd082de3caffc8,
        type: 2}
      propertyPath: player
      value: 
      objectReference: {fileID: 1363292705}
    m_RemovedComponents: []
  m_ParentPrefab: {fileID: 100100000, guid: 6382a80936d335d4a9bd082de3caffc8, type: 2}
  m_IsPrefabParent: 0
--- !u!1 &1894888198 stripped
GameObject:
  m_PrefabParentObject: {fileID: 1537122761078590, guid: 9aa915346684f0b49a1ed9ac3867ce84,
    type: 2}
  m_PrefabInternal: {fileID: 1474883431}
--- !u!1001 &2103778574
Prefab:
  m_ObjectHideFlags: 0
  serializedVersion: 2
  m_Modification:
    m_TransformParent: {fileID: 0}
    m_Modifications:
    - target: {fileID: 4266051682751490, guid: bf36881716a055f46a621da359f306c5, type: 2}
      propertyPath: m_LocalPosition.x
      value: -41.24
      objectReference: {fileID: 0}
    - target: {fileID: 4266051682751490, guid: bf36881716a055f46a621da359f306c5, type: 2}
      propertyPath: m_LocalPosition.y
      value: 7.621
      objectReference: {fileID: 0}
    - target: {fileID: 4266051682751490, guid: bf36881716a055f46a621da359f306c5, type: 2}
      propertyPath: m_LocalPosition.z
      value: -0.91
      objectReference: {fileID: 0}
    - target: {fileID: 4266051682751490, guid: bf36881716a055f46a621da359f306c5, type: 2}
      propertyPath: m_LocalRotation.x
      value: 0
      objectReference: {fileID: 0}
    - target: {fileID: 4266051682751490, guid: bf36881716a055f46a621da359f306c5, type: 2}
      propertyPath: m_LocalRotation.y
      value: -0
      objectReference: {fileID: 0}
    - target: {fileID: 4266051682751490, guid: bf36881716a055f46a621da359f306c5, type: 2}
      propertyPath: m_LocalRotation.z
      value: -0
      objectReference: {fileID: 0}
    - target: {fileID: 4266051682751490, guid: bf36881716a055f46a621da359f306c5, type: 2}
      propertyPath: m_LocalRotation.w
      value: 1
      objectReference: {fileID: 0}
    - target: {fileID: 4266051682751490, guid: bf36881716a055f46a621da359f306c5, type: 2}
      propertyPath: m_RootOrder
      value: 1
      objectReference: {fileID: 0}
    - target: {fileID: 114278751687938044, guid: bf36881716a055f46a621da359f306c5,
        type: 2}
      propertyPath: lightScript
      value: 
      objectReference: {fileID: 348797951}
    - target: {fileID: 114100038493851088, guid: bf36881716a055f46a621da359f306c5,
        type: 2}
      propertyPath: levelManager
      value: 
      objectReference: {fileID: 821570348}
    - target: {fileID: 4266051682751490, guid: bf36881716a055f46a621da359f306c5, type: 2}
      propertyPath: m_LocalScale.x
      value: 0.035
      objectReference: {fileID: 0}
    - target: {fileID: 4266051682751490, guid: bf36881716a055f46a621da359f306c5, type: 2}
      propertyPath: m_LocalScale.y
      value: 0.035
      objectReference: {fileID: 0}
    - target: {fileID: 4266051682751490, guid: bf36881716a055f46a621da359f306c5, type: 2}
      propertyPath: m_LocalScale.z
      value: 0.035
      objectReference: {fileID: 0}
    m_RemovedComponents: []
  m_ParentPrefab: {fileID: 100100000, guid: bf36881716a055f46a621da359f306c5, type: 2}
  m_IsPrefabParent: 0
